@inproceedings{nedelec:hal-00921633,
  TITLE = {{LSEQ: an Adaptive Structure for Sequences in Distributed Collaborative Editing}},
  AUTHOR = {N{\'e}delec, Brice and Molli, Pascal and Mostefaoui, Achour and Desmontils, Emmanuel},
  URL = {https://hal.archives-ouvertes.fr/hal-00921633},
  NOTE = {10 pages},
  BOOKTITLE = {{13th ACM Symposium on Document Engineering (DocEng)}},
  ADDRESS = {Florence, Italy},
  PAGES = {37--46},
  YEAR = {2013},
  MONTH = Sep,
  DOI = {10.1145/2494266.2494278},
  KEYWORDS = {real-time editing ; document authoring tools and systems ; distributed documents ; distributed collaborative editing ; conflict-free replicated data types},
  HAL_ID = {hal-00921633},
  HAL_VERSION = {v1},
}
@inproceedings{Jelasity:2004:PSS:1045658.1045666,
 author = {Jelasity, M\'{a}rk and Guerraoui, Rachid and Kermarrec, Anne-Marie and van Steen, Maarten},
 title = {The Peer Sampling Service: Experimental Evaluation of Unstructured Gossip-based Implementations},
 booktitle = {Proceedings of the 5th ACM/IFIP/USENIX International Conference on Middleware},
 series = {Middleware '04},
 year = {2004},
 isbn = {3-540-23428-4},
 location = {Toronto, Canada},
 pages = {79--98},
 numpages = {20},
 url = {http://dl.acm.org/citation.cfm?id=1045658.1045666},
 acmid = {1045666},
 publisher = {Springer-Verlag New York, Inc.},
 address = {New York, NY, USA},
}
@article{Ganesh:2003:PMM:642778.642782,
 author = {Ganesh, Ayalvadi J. and Kermarrec, Anne-Marie and Massouli{\'e}, Laurent},
 title = {Peer-to-Peer Membership Management for Gossip-Based Protocols},
 journal = {IEEE Trans. Comput.},
 issue_date = {February 2003},
 volume = {52},
 number = {2},
 month = feb,
 year = {2003},
 issn = {0018-9340},
 pages = {139--149},
 numpages = {11},
 url = {http://dx.doi.org/10.1109/TC.2003.1176982},
 doi = {10.1109/TC.2003.1176982},
 acmid = {642782},
 publisher = {IEEE Computer Society},
 address = {Washington, DC, USA},
 keywords = {Scalability, reliability, peer-to-peer, gossip-based probabilistic multicast, membership, group communication, random graphs.},
}
@inproceedings{Demers:1987:EAR:41840.41841,
 author = {Demers, Alan and Greene, Dan and Hauser, Carl and Irish, Wes and Larson, John and Shenker, Scott and Sturgis, Howard and Swinehart, Dan and Terry, Doug},
 title = {Epidemic Algorithms for Replicated Database Maintenance},
 booktitle = {Proceedings of the Sixth Annual ACM Symposium on Principles of Distributed Computing},
 series = {PODC '87},
 year = {1987},
 isbn = {0-89791-239-X},
 location = {Vancouver, British Columbia, Canada},
 pages = {1--12},
 numpages = {12},
 url = {http://doi.acm.org/10.1145/41840.41841},
 doi = {10.1145/41840.41841},
 acmid = {41841},
 publisher = {ACM},
 address = {New York, NY, USA},
}
@article{Jelasity:2005:GAL:1082469.1082470,
 author = {Jelasity, M\'{a}rk and Montresor, Alberto and Babaoglu, Ozalp},
 title = {Gossip-based Aggregation in Large Dynamic Networks},
 journal = {ACM Trans. Comput. Syst.},
 issue_date = {August 2005},
 volume = {23},
 number = {3},
 month = aug,
 year = {2005},
 issn = {0734-2071},
 pages = {219--252},
 numpages = {34},
 url = {http://doi.acm.org/10.1145/1082469.1082470},
 doi = {10.1145/1082469.1082470},
 acmid = {1082470},
 publisher = {ACM},
 address = {New York, NY, USA},
 keywords = {Gossip-based protocols, proactive aggregation},
}
@inproceedings{conf/dsom/VoulgarisS03,
  added-at = {2011-07-06T00:00:00.000+0200},
  author = {Voulgaris, Spyros and van Steen, Maarten},
  biburl = {http://www.bibsonomy.org/bibtex/26ebff8f1c21b62f409e3c8cf6cef340c/dblp},
  booktitle = {DSOM},
  editor = {Brunner, Marcus and Keller, Alexander},
  ee = {http://dx.doi.org/10.1007/978-3-540-39671-0_5},
  interhash = {581f86e3e968edbe311f38eb773bb1f8},
  intrahash = {6ebff8f1c21b62f409e3c8cf6cef340c},
  isbn = {3-540-20314-1},
  keywords = {dblp},
  pages = {41-54},
  publisher = {Springer},
  series = {Lecture Notes in Computer Science},
  timestamp = {2011-07-06T00:00:00.000+0200},
  title = {An Epidemic Protocol for Managing Routing Tables in Very Large Peer-to-Peer Networks.},
  url = {http://dblp.uni-trier.de/db/conf/dsom/dsom2003.html#VoulgarisS03},
  volume = 2867,
  year = 2003
}
@INPROCEEDINGS{Karp00randomizedrumor,
    author = {R. Karp and C. Schindelhauer and S. Shenker and B. Vöcking},
    title = {Randomized rumor spreading},
    booktitle = {In IEEE Symposium on Foundations of Computer Science},
    year = {2000},
    pages = {565--574}
}
@techreport{kermarrec:inria-00477658,
  TITLE = {{Ensuring Uniformity in Random Peer Sampling Services}},
  AUTHOR = {Kermarrec, Anne-Marie and Leroy, Vincent and Thraves, Christopher},
  URL = {https://hal.inria.fr/inria-00477658},
  TYPE = {Research Report},
  YEAR = {2010},
  MONTH = Apr,
  HAL_ID = {inria-00477658},
  HAL_VERSION = {v1},
}
@inproceedings{Gurevich:2009:CGM:1582716.1582743,
 author = {Gurevich, Maxim and Keidar, Idit},
 title = {Correctness of Gossip-based Membership Under Message Loss},
 booktitle = {Proceedings of the 28th ACM Symposium on Principles of Distributed Computing},
 series = {PODC '09},
 year = {2009},
 isbn = {978-1-60558-396-9},
 location = {Calgary, AB, Canada},
 pages = {151--160},
 numpages = {10},
 url = {http://doi.acm.org/10.1145/1582716.1582743},
 doi = {10.1145/1582716.1582743},
 acmid = {1582743},
 publisher = {ACM},
 address = {New York, NY, USA},
 keywords = {gossip, membership, peer-to-peer, random sampling},
}
@misc{webrtc,
 key = {webrtc},
 author = {Ian Hickson},
 editor = {Adam Bergkvist, Daniel C. Burnett, Cullen Jennings, Anant Narayanan},
 title = {WebRTC 1.0: Real-time Communication Between Browsers},
 howpublished = {\url{http://w3c.github.io/webrtc-pc/}},
 note = {Accessed: 2014-11-22}
}
@article{Eugster:2003:LPB:945506.945507,
 author = {Eugster, P. Th. and Guerraoui, R. and Handurukande, S. B. and Kouznetsov, P. and Kermarrec, A.-M.},
 title = {Lightweight Probabilistic Broadcast},
 journal = {ACM Trans. Comput. Syst.},
 issue_date = {November 2003},
 volume = {21},
 number = {4},
 month = nov,
 year = {2003},
 issn = {0734-2071},
 pages = {341--374},
 numpages = {34},
 url = {http://doi.acm.org/10.1145/945506.945507},
 doi = {10.1145/945506.945507},
 acmid = {945507},
 publisher = {ACM},
 address = {New York, NY, USA},
 keywords = {Broadcast, buffering, garbage collection, gossip, noise, randomization, reliability, scalability},
}
@MISC{Leitao_gossip-basedbroadcast,
    author = {João Leitão and José Pereira and Luís Rodrigues},
    title = {Gossip-Based Broadcast},
    year = {}
}
@article{Jelasity:2009:TGF:1570533.1570626,
 author = {Jelasity, M\'{a}rk and Montresor, Alberto and Babaoglu, Ozalp},
 title = {T-Man: Gossip-based Fast Overlay Topology Construction},
 journal = {Comput. Netw.},
 issue_date = {August, 2009},
 volume = {53},
 number = {13},
 month = aug,
 year = {2009},
 issn = {1389-1286},
 pages = {2321--2339},
 numpages = {19},
 url = {http://dx.doi.org/10.1016/j.comnet.2009.03.013},
 doi = {10.1016/j.comnet.2009.03.013},
 acmid = {1570626},
 publisher = {Elsevier North-Holland, Inc.},
 address = {New York, NY, USA},
 keywords = {Bootstrapping, Gossip-based protocols, Overlay networks, Self-organizing middleware},
}
